


@inproceedings{hu2022lora,
title={Lo{RA}: Low-Rank Adaptation of Large Language Models},
author={Edward J Hu and yelong shen and Phillip Wallis and Zeyuan Allen-Zhu and Yuanzhi Li and Shean Wang and Lu Wang and Weizhu Chen},
booktitle={International Conference on Learning Representations},
year={2022},
url={https://openreview.net/forum?id=nZeVKeeFYf9}
}